@article{maliar2021,
title = {Deep learning for solving dynamic economic models.},
journal = {Journal of Monetary Economics},
volume = {122},
pages = {76-101},
year = {2021},
issn = {0304-3932},
author = {Lilia Maliar and Serguei Maliar and Pablo Winant},
keywords = {Artificial intelligence, Machine learning, Deep learning, Neural network, Stochastic gradient, Dynamic models, Model reduction, Dynamic programming, Bellman equation, Euler equation, Value functio},
}
@report{iskhakov2017,
  author = {Fedor Iskhakov and Thomas H. JÃ¸rgensen and John Rust and Bertel Schjerning},
  title = {The Endogenous Grid Method for Discrete-Continuous Dynamic Choice Models with (or without) Taste Shocks},
  year = {2017}, 
}