@misc{gladstone2023,
      title={FO-PINNs: A First-Order formulation for Physics Informed Neural Networks}, 
      author={Rini J. Gladstone and Mohammad A. Nabian and N. Sukumar and Ankit Srivastava and Hadi Meidani},
      year={2023},
      eprint={2210.14320},
      archivePrefix={arXiv},
      primaryClass={cs.LG}, 
}